@article{ff13,
  title={Balanced partitions of trees and applications},
  author={Feldmann, Andreas Emil and Foschini, Luca},
  year={2013}
}

@article{ar06,
  title={Balanced Graph Partitioning},
  author={Andreev, Konstantin and Racke, Harald},
  journal={Theory of Computing Systems},
  volume={39},
  number={6},
  pages={929--939},
  year={2006},
  publisher={Springer-Verlag New York, Inc.}
}

@inproceedings{rc08,
 author = {R\"{a}cke, Harald},
 title = {Optimal Hierarchical Decompositions for Congestion Minimization in Networks},
 booktitle = {Proceedings of the Fortieth Annual ACM Symposium on Theory of Computing},
 series = {STOC '08},
 year = {2008},
 pages = {255--264},
} 

@phdthesis{mcg78,
    title={On partitioning a graph: a theoretical and empirical study.},
    author={Macgregor, Robert Malcolm},
    year={1978},
    publisher={University of California, Berkeley}
}

@book{gj79,
    title={Computers and Intractability: A Guide to the Theory of NP-Completeness},
    author={Garey, Michael R and Johnson, David S},
    year={1979},
    publisher={WH Freeman \& Co.}
}

@article{fk02,
    title={A polylogarithmic approximation of the minimum bisection},
    author={Feige, Uriel and Krauthgamer, Robert},
    journal={SIAM Journal on Computing},
    volume={31},
    number={4},
    pages={1090--1118},
    year={2002},
    publisher={SIAM}
}

@book{ws11,
    title={The design of approximation algorithms},
    author={Williamson, David P and Shmoys, David B},
    year={2011},
    publisher={Cambridge university press}
}

@book{va13,
  title={Approximation algorithms},
  author={Vazirani, Vijay V},
  year={2013},
  publisher={Springer Science \& Business Media}
}

@inproceedings{hs86,
 author = {Hochbaum, Dorit S. and Shmoys, David B.},
 title = {A Polynomial Approximation Scheme for Machine Scheduling on Uniform Processors: Using the Dual Approximation Approach},
 booktitle = {Proceedings of the Sixth Conference on Foundations of Software Technology and Theoretical Computer Science},
 year = {1986},
 pages = {382--393},
 publisher = {Springer-Verlag},
} 

@INPROCEEDINGS{ma10,
author={A. Madry},
booktitle={2010 IEEE 51st Annual Symposium on Foundations of Computer Science},
title={Fast Approximation Algorithms for Cut-Based Problems in Undirected Graphs},
year={2010},
pages={245-254}
}
